@article{cms2012,
    title         = {Observation of a new boson at a mass of 125 {GeV} with the                  {CMS} experiment at the {LHC}},
    volume        = {716},
    ISSN          = {0370-2693},
    DOI           = {10.1016/j.physletb.2012.08.021},
    eprint        = {1207.7235},
    journal       = {Physics Letters B},
    publisher     = {Elsevier BV},
    collaboration = {CMS},
    year          = {2012},
    month         = {Sep},
    pages         = {30}
}

@article{atlas2012,
    title         = {Observation of a new particle in the search for the                         {S}tandard {M}odel {H}iggs boson with the {ATLAS} detector                  at the {LHC}},
    volume        = {716},
    ISSN          = {0370-2693},
    DOI           = {10.1016/j.physletb.2012.08.020},
    eprint        = {1207.7214},
    journal       = {Physics Letters B},
    publisher     = {Elsevier BV},
    collaboration = {ATLAS},
    year          = {2012},
    month         = {Sep},
    pages         = {1} 
}
   
@article{PhysRevLett.126.141801,
    title         = {Measurement of the Positive Muon Anomalous Magnetic Moment                  to 0.46 ppm},
    collaboration = {Muon $g\ensuremath{-}2$},
    journal       = {Phys. Rev. Lett.},
    volume        = {126},
    pages         = {141801},
    year          = {2021},
    month         = {Apr},
    publisher     = {American Physical Society},
    doi           = {10.1103/PhysRevLett.126.141801},
    eprint        = {2104.03281},
}

@article{thdm2012,
    title     = {Theory and phenomenology of two-{H}iggs-doublet models},
    volume    = {516},
    ISSN      = {0370-1573},
    DOI       = {10.1016/j.physrep.2012.02.002},
    eprint    = {1106.0034v3},
    journal   = {Physics Reports},
    publisher = {Elsevier BV},
    author    = {Branco, G.C. and Ferreira, P.M. and Lavoura, L. and Rebelo,                 M.N. and Sher, Marc and Silva, João P.},
    year      = {2012},
    month     = {Jul},
    pages     = {1},
}


@article{thdma2017,
    title     = {Simplified dark matter models with two {H}iggs doublets: I.                 {P}seudoscalar mediators},
    volume    = {2017},
    ISSN      = {1029-8479},
    DOI       = {10.1007/jhep05(2017)138},
    eprint    = {1701.07427v3},
    journal   = {Journal of High Energy Physics},
    publisher = {Springer Science and Business Media LLC},
    author    = {Bauer, Martin and Haisch, Ulrich and Kahlhoefer, Felix},
    year      = {2017},
    month     = {May},
    pages     = {138},
}
   
@article{cms:hbb2019,
    title         = {Search for dark matter produced in association with a                       {H}iggs boson decaying to a pair of bottom quarks in                        proton–proton collisions at $\sqrt{s}=13\,\text {Te}\text                   {V}$},
    volume        = {79},
    ISSN          = {1434-6052},
    DOI           = {10.1140/epjc/s10052-019-6730-7},
    eprint        = {1811.06562v3},
    journal       = {The European Physical Journal C},
    publisher     = {Springer Science and Business Media LLC},
    collaboration = {CMS},
    year          = {2019},
    month         = {Mar}
}

@article{barZ2014,
    title     = {Mono-{H}iggs-boson: A new collider probe of dark matter},
    volume    = {89},
    ISSN      = {1550-2368},
    DOI       = {10.1103/physrevd.89.075017},
    eprint    = {1312.2592v2},
    journal   = {Physical Review D},
    publisher = {American Physical Society (APS)},
    author    = {Carpenter, Linda and DiFranzo, Anthony and Mulhearn, Michael                and Shimmin, Chase and Tulin, Sean and Whiteson, Daniel},
    year      = {2014},
    month     = {Apr} }

@article{Z2hdm2014,
    title     = {Mono-{H}iggs detection of dark matter at the {LHC}},
    volume    = {2014},
    ISSN      = {1029-8479},
    DOI       = {10.1007/jhep06(2014)078},
    eprint    = {1402.7074},
    journal   = {Journal of High Energy Physics},
    publisher = {Springer Science and Business Media LLC},
    author    = {Berlin, Asher and Lin, Tongyan and Wang, Lian-Tao},
    year      = {2014},
    month     = {Jun}
}

@article{atlas:hbb2017,
    title         = {Search for Dark Matter Produced in Association with a                       {H}iggs Boson Decaying to b$\bar{\text{b}}$ Using 36                        fb$^{−1}$ of pp Collisions at $\sqrt{s}=13\,\text {Te}\text                  {V}$ with the {ATLAS} Detector},
    volume        = {119},
    ISSN          = {1079-7114},
    DOI           = {10.1103/physrevlett.119.181804},
    eprint        = {1707.01302v3},
    journal       = {Physical Review Letters},
    publisher     = {American Physical Society (APS)},
    collaboration = {ATLAS},
    year          = {2017},
    month         = {Nov}
}

@article{atlas:hbb2021,
    title         = {Search for dark matter produced in association with a {Standard Model Higgs} boson decaying into b-quarks using the full Run 2 dataset from the {ATLAS} detector.},
    volume        = {2021},
    DOI           = {10.1007/JHEP11(2021)209},
    eprint        = {2108.13391},
    journal       = {J. High Energ. Phys.},
    publisher     = {Springer Science and Business Media LLC},
    collaboration = {ATLAS},
    year          = {2021},
    month         = {Nov}
}

@article{xvdir2017,
    title     = {Mono-{X} versus direct searches: simplified models for dark                 matter at the {LHC}},
    volume    = {2017},
    ISSN      = {1029-8479},
    DOI       = {10.1007/jhep06(2017)082},
    eprint    = {1612.00219v2},
    journal   = {Journal of High Energy Physics},
    publisher = {Springer Science and Business Media LLC},
    author    = {Liew, Seng Pei and Papucci, Michele and Vichi, Alessandro and
                 Zurek, Kathryn M.},
    year      = {2017},
    month     = {Jun}
}

@article{dms2018,
    author  = {Boveia, Antonio and Doglioni, Caterina},
    title   = {Dark Matter Searches at Colliders},
    journal = {Annual Review of Nuclear and Particle Science},
    volume  = {68},
    pages   = {429},
    year    = {2018},
    doi     = {10.1146/annurev-nucl-101917-021008},
    eprint  = {1810.12238}
}

@article{dm2005,
    title     = {Particle dark matter: evidence, candidates and constraints},
    volume    = {405},
    ISSN      = {0370-1573},
    DOI       = {10.1016/j.physrep.2004.08.031},
    eprint    = {hep-ph/0404175v2},
    journal   = {Physics Reports},
    publisher = {Elsevier BV},
    author    = {Bertone, Gianfranco and Hooper, Dan and Silk, Joseph},
    year      = {2005},
    month     = {Jan},
    pages     = {279} 
}
   
@article{Zyla:2020zbs,
    author        = "Zyla, P.A. and others",
    collaboration = "Particle Data Group",
    title         = "{Review of Particle Physics}",
    doi           = "10.1093/ptep/ptaa104",
    journal       = "PTEP",
    volume        = "2020",
    pages         = "083C01",
    year          = "2020"
}

@article{cms:pf2017,
    title         = {Particle-flow reconstruction and global event description                   with the {CMS} detector},
    volume        = {12},
    ISSN          = {1748-0221},
    DOI           = {10.1088/1748-0221/12/10/p10003},
    eprint        = {1706.04965v2},
    journal       = {Journal of Instrumentation},
    publisher     = {IOP Publishing},
    collaboration = {CMS},
    year          = {2017},
    month         = {Oct},
    pages         = {P10003} 
}

@techreport{cms:2009lxa,
    title         = {A {C}ambridge-{A}achen {(C-A)} based Jet Algorithm for                      boosted top-jet tagging},
    institution   = "CERN",
    collaboration = "CMS",
    address       = "Geneva",
    reportNumber  = "CMS-PAS-JME-09-001",
    month         = "Jul",
    year          = "2009",
    url           = "https://cds.cern.ch/record/1194489",
}

@article{ak2008,
    title     = {The anti-$k_t$ jet clustering algorithm},
    volume    = {2008},
    ISSN      = {1029-8479},
    DOI       = {10.1088/1126-6708/2008/04/063},
    eprint    = {0802.1189v2},
    journal   = {Journal of High Energy Physics},
    publisher = {Springer Science and Business Media LLC},
    author    = {Cacciari, Matteo and Salam, Gavin P and Soyez, Gregory},
    year      = {2008},
    month     = {Apr},
    pages     = {063}
}
   
@article{puppi2014,
    title     = {Pileup Per Particle Identification},
    volume    = {2014},
    ISSN      = {1029-8479},
    DOI       = {10.1007/jhep10(2014)059},
    eprint    = {1407.6013v2},
    journal   = {Journal of High Energy Physics},
    publisher = {Springer Science and Business Media LLC},
    author    = {Bertolini, Daniele and Harris, Philip and Low, Matthew and                  Tran, Nhan},
    year      = {2014},
    month     = {Oct}
}

@article{sd2014,
    title     = {Soft drop},
    volume    = {2014},
    ISSN      = {1029-8479},
    DOI       = {10.1007/jhep05(2014)146},
    eprint    = {1402.2657v2},
    journal   = {Journal of High Energy Physics},
    publisher = {Springer Science and Business Media LLC},
    author    = {Larkoski, Andrew J. and Marzani, Simone and Soyez, Gregory and              Thaler, Jesse},
    year      = {2014},
    month     = {May}
}
   
@techreport{Collaboration:2650976,
    title         = "{Expected performance of the physics objects with the
                      upgraded {CMS} detector at the {HL-LHC}}",
    author        = "CMS Collaboration",
    institution   = "CERN",
    collaboration = "CMS",
    address       = "Geneva",
    reportNumber  = "CMS-NOTE-2018-006, CERN-CMS-NOTE-2018-006",
    month         = "Dec",
    year          = "2018",
    url           = "https://cds.cern.ch/record/2650976",
}

@techreport{CERN-LHCC-2017-009,
    author        = "CMS Collaboration",
    title         = "{The Phase-2 Upgrade of the CMS Tracker}",
    institution   = "CERN",
    collaboration = "CMS",
    address       = "Geneva",
    reportNumber  = "CERN-LHCC-2017-009, CMS-TDR-014",
    month         = "Jun",
    year          = "2017",
    url           = "https://cds.cern.ch/record/2272264",
}

@techreport{CERN-LHCC-2017-011,
    author        = "CMS Collaboration",
    title         = "{The Phase-2 Upgrade of the CMS Barrel Calorimeters}",
    institution   = "CERN",
    collaboration = "CMS",
    address       = "Geneva",
    reportNumber  = "CERN-LHCC-2017-011, CMS-TDR-015",
    month         = "Sep",
    year          = "2017",
    url           = "https://cds.cern.ch/record/2283187",
}

@techreport{CERN-LHCC-2017-023,
    author        = "CMS Collaboration",
    title         = "{The Phase-2 Upgrade of the CMS Endcap Calorimeter}",
    institution   = "CERN",
    collaboration = "CMS",
    address       = "Geneva",
    reportNumber  = "CERN-LHCC-2017-023, CMS-TDR-019",
    month         = "Nov",
    year          = "2017",
    url           = "https://cds.cern.ch/record/2293646",
}

@techreport{CERN-LHCC-2017-012,
    author        = "CMS Collaboration",
    collaboration = "CMS",
    title         = "{The Phase-2 Upgrade of the CMS Muon Detectors}",
    institution   = "CERN",
    address       = "Geneva",
    reportNumber  = "CERN-LHCC-2017-012, CMS-TDR-016",
    month         = "Sep",
    year          = "2017",
    url           = "https://cds.cern.ch/record/2283189",
}
        
@article{Collaboration_2008,
    author        = "Chatrchyan, S. and others",
    doi           = {10.1088/1748-0221/3/08/s08004},
	year          = 2008,
	month         = {Aug},
	publisher     = {{IOP} Publishing},
	volume        = {3},
	pages         = {S08004},
	collaboration = {CMS},
	title         = {The {CMS} experiment at the {CERN} {LHC}},
	journal       = {Journal of Instrumentation},
}

@article{Alwall:2014hca,
    author         = "Alwall, J. and Frederix, R. and Frixione, S. and Hirschi,                   V. and Maltoni, F. and Mattelaer, O. and Shao, H. -S. and                   Stelzer, T. and Torrielli, P. and Zaro, M.",
      title        = {The automated computation of tree-level and
                      next-to-leading order differential cross sections, and
                      their matching to parton shower simulations},
      journal      = {Journal of High Energy Physics},
      volume       = "07",
      year         = "2014",
      pages        = "079",
      doi          = "10.1007/JHEP07(2014)079",
      eprint       = "1405.0301v2",
      reportNumber = "CERN-PH-TH-2014-064, CP3-14-18, LPN14-066, MCNET-14-09,
                     ZU-TH-14-14",
}

@article{deFavereau:2014dph,
    doi       = {10.1007/jhep02(2014)057},
    eprint    = {1307.6346v3},
	year      = 2014,
	month     = {Feb},
	publisher = {Springer Science and Business Media {LLC}},
	volume    = {2014},
  	author    = {J. de Favereau and   and C. Delaere and P. Demin and A.                   Giammanco and V. Lema{\^{\i}}tre and A. Mertens and M.                    Selvaggi},
	title     = {{DELPHES} 3: a modular framework for fast simulation of a                   generic collider experiment},
	journal   = {Journal of High Energy Physics}
}

@article{Selvaggi:2014mya,
    author  = "Selvaggi, Michele",
    editor  = "Wang, Jianxiong",
    title   = "{DELPHES 3: A modular framework for fast-simulation of generic               collider experiments}",
    doi     = "10.1088/1742-6596/523/1/012033",
    journal = "J. Phys. Conf. Ser.",
    volume  = "523",
    pages   = "012033",
    year    = "2014"
}

@article{Selvaggi:2016ydq,
    author  = "Selvaggi, Michele",
    editor  = "Salinas, Luis and Torres, Claudio",
    title   = "{Delphes 3: Latest Developments}",
    doi     = "10.1088/1742-6596/762/1/012051",
    journal = "J. Phys. Conf. Ser.",
    volume  = "762",
    pages   = "012051",
    year    = "2016"
}

@techreport{CERN-LHCC-2020-004,
    title         = "{The Phase-2 Upgrade of the CMS Level-1 Trigger}",
    author        = "CMS Collaboration",
    institution   = "CERN",
    collaboration = "CMS",
    address       = "Geneva",
    reportNumber  = "CERN-LHCC-2020-004, CMS-TDR-021",
    month         = "Apr",
    year          = "2020",
    url           = "https://cds.cern.ch/record/2714892",
}

@article{Sjostrand:2014zea,
    author       = "Sj{\"o}strand, Torbj{\"o}rn and Ask, Stefan and                             Christiansen, Jesper R. and Corke, Richard and Desai,                       Nishita and Ilten, Philip and Mrenna, Stephen and Prestel,                  Stefan and Rasmussen, Christine O. and Skands, Peter Z.",
    title        = "An introduction to {PYTHIA} 8.2",
    journal      = "Comput. Phys. Commun.",
    volume       = "191",
    year         = "2015",
    pages        = "159",
    doi          = "10.1016/j.cpc.2015.01.024",
    eprint       = "1410.3012",
    reportNumber = "LU-TP-14-36, MCNET-14-22, CERN-PH-TH-2014-190,
                    FERMILAB-PUB-14-316-CD, DESY-14-178, SLAC-PUB-16122",
}

@article{Frixione_2007,
    doi       = {10.1088/1126-6708/2007/11/070},
	year      = 2007,
	month     = {Nov},
	publisher = {Springer Science and Business Media {LLC}},
	volume    = {2007},
	pages     = {070},
	author    = {Stefano Frixione and Paolo Nason and Carlo Oleari},
	title     = {Matching {NLO} {QCD} computations with parton shower                        simulations: the {POWHEG} method},
	eprint    = {0709.2092},
	journal   = {Journal of High Energy Physics}
}

@article{Qu_2020,
    doi       = {10.1103/physrevd.101.056019},
    eprint    = {1902.08570v3},
	year      = 2020,
	month     = {Mar},
	publisher = {American Physical Society ({APS})},
	volume    = {101},
	author    = {Huilin Qu and Loukas Gouskos},
	title     = {Jet tagging via particle clouds},
	journal   = {Physical Review D}
}

@article{Cowan_2011,
	doi       = {10.1140/epjc/s10052-011-1554-0},
	eprint    = {1007.1727v3},
	year      = 2011,
	month     = {Feb},
	publisher = {Springer Science and Business Media {LLC}},
	volume    = {71},
	author    = {Glen Cowan and Kyle Cranmer and Eilam Gross and Ofer Vitells},
	title     = {Asymptotic formulae for likelihood-based tests of new physics},
	journal   = {The European Physical Journal C}
}

@techreport{Contardo:2020886,
    author        = "Contardo, D and Klute, M and Mans, J and Silvestris, L and                  Butler, J",
    title         = "{Technical Proposal for the Phase-II Upgrade of the CMS
                      Detector}",
    collaboration = "CMS",
    institution   = "CERN",
    address       = "Geneva",
    reportNumber  = "CERN-LHCC-2015-010, LHCC-P-008, CMS-TDR-15-02",
    month         = "Jun",
    year          = "2015",
    url           = "https://cds.cern.ch/record/2020886",
}

@techreport{CMS:2667167,
    author        = "CMS Collaboration",
    collaboration = "CMS",
    title         = "{A MIP Timing Detector for the CMS Phase-2 Upgrade}",
    institution   = "CERN",
    address       = "Geneva",
    reportNumber  = "CERN-LHCC-2019-003, CMS-TDR-020",
    month         = "Mar",
    year          = "2019",
    url           = "https://cds.cern.ch/record/2667167",
}

@techreport{Collaboration:2759072,
    author        = "CMS Collaboration",
    collaboration = "CMS",
    title         = "{The Phase-2 Upgrade of the CMS Data Acquisition and High
                      Level Trigger}",
    institution   = "CERN",
    address       = "Geneva",
    reportNumber  = "CERN-LHCC-2021-007, CMS-TDR-022",
    month         = "Mar",
    year          = "2021",
    url           = "https://cds.cern.ch/record/2759072",
}

@article{Junk_1999,
    doi       = {10.1016/s0168-9002(99)00498-2},
	eprint    = {hep-ex/9902006},
	year      = 1999,
	month     = {Sep},
	publisher = {Elsevier {BV}},
	volume    = {434},
	pages     = {435},
	author    = {Thomas Junk},
	title     = {Confidence level computation for combining searches with small statistics},
	journal   = {Nuclear Instruments and Methods in Physics Research Section A: Accelerators, Spectrometers, Detectors and Associated Equipment}
}

@article{Read_2002,
	doi       = {10.1088/0954-3899/28/10/313},
	year      = 2002,
	month     = {Sep},
	publisher = {{IOP} Publishing},
	volume    = {28},
	pages     = {2693},
	author    = {A L Read},
	title     = {Presentation of search results: the {$CL_s$} technique},
	journal   = {Journal of Physics G: Nuclear and Particle Physics},
}

@article{CMS:2020mlt,
	doi           = {10.1088/1748-0221/15/06/p06005},
	eprint        = {2004.08262},
	year          = 2020,
	month         = {Jun},
	publisher     = {{IOP} Publishing},
	volume        = {15},
	pages         = {P06005},
	collaboration = {CMS},
	title         = {Identification of heavy, energetic, hadronically decaying                   particles using machine-learning techniques},
	journal       = {Journal of Instrumentation}
}

@book{thomson:mpp,
    author    = {Mark Thomson},
    title     = {Modern Particle Physics},
    publisher = {Cambridge University Press},
    year      = {2013},
    address   = {Cambridge}
}

@article{LHCb:2021ccus,
	doi           = {10.1103/physrevlett.127.082001},
	eprint        = {2103.01803v2},
	year          = 2021,
	month         = {Aug},
	publisher     = {American Physical Society ({APS})},
	volume        = {127},
	pages         = {082001},
	collaboration = {LHCb},
	title         = {Observation of New Resonances Decaying to 
	                 {J/$\psi$K$^+$} and {J/$\psi\phi$}},
	journal       = {Physical Review Letters}
}

@article{LHCb:2019ccuud,
    doi           = {10.1103/physrevlett.122.222001},
	eprint        = {1904.03947v2},
	year          = 2019,
	month         = {Jun},
	publisher     = {American Physical Society},
	volume        = {122},
	pages         = {222001},
    collaboration = {LHCb},
	title         = {Observation of a Narrow Pentaquark State, 
	                 ${P}_{c}(4312{)}^{+}$, and of the Two-Peak Structure of the ${P}_{c}(4450{)}^{+}$},
	journal       = {Phys. Rev. Lett.}
}

@article{CMS-DP-2020-020,
      title         = "{Performance of the pile up jet identification in CMS for
                       Run 2}",
      collaboration = "CMS Collaboration",
      month         = "Apr",
      year          = "2020",
      url           = "https://cds.cern.ch/record/2715906",
}

@article{Sakuma_2014,
	doi       = {10.1088/1742-6596/513/2/022032},
	eprint    = {1311.4942},
	year      = 2014,
	month     = {Jun},
	publisher = {{IOP} Publishing},
	volume    = {513},
	number    = {2},
	pages     = {022032},
	author    = {Tai Sakuma and Thomas McCauley},
	title     = {Detector and Event Visualization with {SketchUp} at the {CMS}               Experiment},
	journal   = {Journal of Physics: Conference Series},
}

@article{Sakuma:2665537,
      author        = "Sakuma, Tai",
      title         = "{Cutaway diagrams of CMS detector}",
      collaboration = "CMS Collaboration",
      month         = "May",
      year          = "2019",
      url           = "https://cds.cern.ch/record/2665537",
}

@article{Evans_2008,
    doi       = {10.1088/1748-0221/3/08/s08001},
	year      = 2008,
	month     = {Aug},
	publisher = {{IOP} Publishing},
	volume    = {3},
	number    = {08},
	pages     = {S08001--S08001},
	author    = {Lyndon Evans and Philip Bryant},
	title     = {{LHC} Machine},
	journal   = {Journal of Instrumentation},
}

@techreport{CMS-PAS-FTR-16-002,
    title         = "{Projected performance of {Higgs} analyses at the HL-LHC for
                      ECFA 2016}",
    institution   = "CERN",
    collaboration = "CMS",
    address       = "Geneva",
    reportNumber  = "CMS-PAS-FTR-16-002",
    year          = "2017",
    url           = "https://cds.cern.ch/record/2266165",
}

@article{Planck:2020cp,
    doi           = {10.1051/0004-6361/201833910},
	eprint        = {1807.06209v4},
	year          = 2020,
	month         = {Sep},
	publisher     = {{EDP} Sciences},
	collaboration = {Planck},
	volume        = {641},
	pages         = {A6},
	title         = "{Planck 2018 results - {VI}. Cosmological parameters}",
	journal       = {Astronomy {\&} Astrophysics}
}

@article{Thompson_2015,
	doi       = {10.1093/mnras/stv1433},
	eprint    = {1410.7438v2},
	year      = 2015,
	month     = {Jul},
	publisher = {Oxford University Press ({OUP})},
	volume    = {452},
	pages     = {3030},
	author    = {Robert Thompson and Romeel Dav{\'{e}} and Kentaro Nagamine},
	title     = {The rise and fall of a challenger: the {Bullet Cluster} in
	             ${\Uplambda}$ cold dark matter simulations},
	journal   = {Monthly Notices of the Royal Astronomical Society}
}

@article{Gaskins_2016,
	doi       = {10.1080/00107514.2016.1175160},
	eprint    = {1604.00014},
	year      = 2016,
	month     = {Jun},
	publisher = {Informa {UK} Limited},
	volume    = {57},
	pages     = {496},
	author    = {Jennifer M. Gaskins},
	title     = {A review of indirect searches for particle dark matter},
	journal   = {Contemporary Physics}
}

@article{Schumann_2019,
	doi = {10.1088/1361-6471/ab2ea5},
	eprint = {1903.03026v2},
	year = 2019,
	month = {Aug},
	publisher = {{IOP} Publishing},
	volume = {46},
	pages = {103003},
	author = {Marc Schumann},
	title = {Direct detection of {WIMP} dark matter: concepts and status},
	journal = {Journal of Physics G: Nuclear and Particle Physics}
}

@article{Cohen_2017,
	doi = {10.1103/physrevlett.119.021102},
	eprint = {1612.05638v3},
	year = 2017,
	month = {Jul},
	publisher = {American Physical Society ({APS})},
	volume = {119},
	author = {Timothy Cohen and Kohta Murase and Nicholas L. Rodd and Benjamin R. Safdi and Yotam Soreq},
	title = {Gamma-ray Constraints on Decaying Dark Matter and Implications for {IceCube}},
	journal = {Physical Review Letters}
}

@article{Steigman_2012,
	doi = {10.1103/physrevd.86.023506},
	eprint = {1204.3622v3},
	year = 2012,
	month = {Jul},
	publisher = {American Physical Society ({APS})},
	volume = {86},
	author = {Gary Steigman and Basudeb Dasgupta and John F. Beacom},
	title = {Precise relic {WIMP} abundance and its impact on searches for dark matter annihilation},
	journal = {Physical Review D}
}

@article{D_Ambrosio_2002,
	doi = {10.1016/s0550-3213(02)00836-2},
	eprint = {hep-ph/0207036},
	year = 2002,
	month = {Nov},
	publisher = {Elsevier {BV}},
	volume = {645},
	pages = {155},
	author = {G. D{\textquotesingle}Ambrosio and G.F. Giudice and G. Isidori and A. Strumia},
	title = {Minimal flavour violation: an effective field theory approach},
	journal = {Nuclear Physics B}
}

@article{Buckley_2015,
	doi = {10.1140/epjc/s10052-015-3318-8},
	eprint = {1412.7420v2},
	year = 2015,
	month = {Mar},
	publisher = {Springer Science and Business Media {LLC}},
	volume = {75},
	author = {Andy Buckley and James Ferrando and Stephen Lloyd and Karl Nordström and Ben Page and Martin Rüfenacht and Marek Schönherr and Graeme Watt},
	title = {{LHAPDF}6: parton density access in the {LHC} precision era},
	journal = {The European Physical Journal C}
}

@article{Buckley_2011,
	doi = {10.1016/j.physrep.2011.03.005},
	eprint = {1101.2599},
	year = 2011,
	month = {Jul},
	publisher = {Elsevier {BV}},
	volume = {504},
	pages = {145},
	author = {Andy Buckley and Jonathan Butterworth and Stefan Gieseke and David Grellscheid and Stefan Höche and Hendrik Hoeth and Frank Krauss and Leif Lönnblad and Emily Nurse and Peter Richardson and Steffen Schumann and Michael H. Seymour and Torbjörn Sjöstrand and Peter Skands and Bryan Webber},
	title = {General-purpose event generators for {LHC} physics},
	journal = {Physics Reports}
}

@article{Arcadi_2018,
	doi = {10.1140/epjc/s10052-018-5662-y},
	eprint = {1703.07364},
	year = 2018,
	month = {Mar},
	publisher = {Springer Science and Business Media {LLC}},
	volume = {78},
	author = {Giorgio Arcadi and Ma{\'{\i}}ra Dutra and Pradipta Ghosh and Manfred Lindner and Yann Mambrini and Mathias Pierre and Stefano Profumo and Farinaldo S. Queiroz},
	title = {The waning of the {WIMP}? A review of models, searches, and constraints},
	journal = {The European Physical Journal C}
}

@article{Zwicky_1933,
    author = {{Zwicky}, F.},
    title = "{Die Rotverschiebung von extragalaktischen Nebeln}",
    journal = {Helvetica Physica Acta},
    year = 1933,
    month = Jan,
    volume = {6},
    pages = {110},
    url = {https://ui.adsabs.harvard.edu/abs/1933AcHPh...6..110Z},
}

@article{Rubin_1970,
    author = {{Rubin}, Vera C. and {Ford}, W. Kent, Jr.},
    title = "{Rotation of the Andromeda Nebula from a Spectroscopic Survey of Emission Regions}",
    journal = {The Astrophysical Journal},
    year = 1970,
    month = Feb,
    volume = {159},
    pages = {379},
    doi = {10.1086/150317},
    url = {https://ui.adsabs.harvard.edu/abs/1970ApJ...159..379R},
}

@techreport{CMS-PAS-FTR-22-005,
    title         = "{Search for dark matter in final states with a Higgs boson                   decaying to a pair of b-jets and missing transverse                         momentum at the HL-LHC}",
    institution   = "CERN",
    collaboration = "CMS",
    address       = "Geneva",
    reportNumber  = "CMS-PAS-FTR-22-005",
    year          = "2022",
    month         = "Apr",
    note          = "Approved for publication, not yet published to the CERN Document Server.",
}

@article{Capozzi_2016,
	doi = {10.1016/j.nuclphysb.2016.02.016},
	eprint = {1601.07777},
	year = 2016,
	month = {Jul},
	publisher = {Elsevier {BV}},
	volume = {908},
	pages = {218},
	author = {F. Capozzi and E. Lisi and A. Marrone and D. Montanino and A. Palazzo},
	title = {Neutrino masses and mixings: Status of known and unknown 3 $\upnu$ parameters},
	journal = {Nuclear Physics B}
}